% Model of citations for latex
%
% @Book{deitel,
%  author = {},
%  title = {},
%  publisher = {},
%  year =  {},
%  isbn = {},
%  address = {},
%  edition = {},
%  editor = 	 {},
%  volume = 	 {},
%  number = 	 {},
%  series = 	 {},
%  month = 	 {},
%  note = 	 {}
% }

% @mastersthesis{title,
%	author = {},
%	title = {},
%	year = {},
%	month = {},
%	school = {}
% }

@article{article,
  author  = {Peter Adams}, 
  title   = {The title of the work},
  journal = {The name of the journal},
  year    = 1993,
  number  = 2,
  pages   = {201-213},
  month   = 7,
  note    = {An optional note}, 
  volume  = 4
}

% @misc{title,
%	author = {},
%	title = {},
%	url = {},
%	note = {}
% }

@article{article,
  author  = {"Paulo Roberto M. Lyra, Darlan Karlo E. de Carvalho"}, 
  title   = {"A Computational Methodology for Automatic Two-Dimensional Anisotropic Mesh Generation and Adaptation"},
  journal = {"journal of the Brazilian Society of Mechanical Sciences & Engineering"},
  year    = 2006,
  number  = ???,
  pages   = {399-412},
  month   = ???,
  note    = {}, 
  volume  = XXVIII
}

